<?xml version="1.0" encoding="UTF-8"?><collection xmlns="http://www.loc.gov/MARC21/slim"><record><leader>00481nam--2200133-i-4500</leader><controlfield tag="001">000033294</controlfield><controlfield tag="002">20161230</controlfield><controlfield tag="005">20161230201039</controlfield><controlfield tag="008">060222s1000------------r-----000-0-eng-d</controlfield><datafield ind1=" " ind2=" " tag="080"><subfield code="a">72:624</subfield></datafield><datafield ind1=" " ind2=" " tag="245"><subfield code="a">Metodologia pentru folosirea graficelor retea la planificarea si urmarirea executarii lucrarilor de constructii-montaj.editie actualizata, cu aplicatii</subfield></datafield><datafield ind1=" " ind2=" " tag="260"><subfield code="a">Bucuresti, Centrul De Doc, Pt. Constr. Arhitectura Si Sist, 1972. 47p</subfield></datafield><datafield ind1=" " ind2=" " tag="490"><subfield code="a">Studii Realizari</subfield></datafield><datafield ind1=" " ind2=" " tag="852"><subfield code="a">37547</subfield></datafield></record></collection>